@preamble{"\def\Ignore#1{}"}
@preamble{"\def\notesupp#1{}"}
@preamble{"\def\Ignore#1{}"}
@preamble{"\def\notesupp#1{}"}
@preamble{"\def\Ignore#1{}"}
@preamble{"\def\notesupp#1{}"}
@preamble{"\def\Ignore#1{}"}
@preamble{"\def\notesupp#1{}"}
@preamble{"\def\Ignore#1{}"}
@preamble{"\def\notesupp#1{}"}
@preamble{"\providecommand{\HickernellFJ}{Hickernell\xspace}"}



@string{acmtomacs = {ACM Trans.\ Model.\ Comput.\ Simul.}}

@string{acmtoms = {ACM Trans.\ Math.\ Software}}

@string{annstat = {Ann.\ Stat.}}

@string{art = {\Ignore{a}Refereed Journal Articles}}

@string{book = {\Ignore{b}Book}}

@string{chap = {\Ignore{c}Refereed and/or Invited Book Chapters and Conference Papers}}

@string{cma = {Comput.\ Math.\ Appl.}}

@string{ed = {\Ignore{d}Edited Volumes}}

@string{jasa = {J. Amer.\ Statist.\ Assoc.}}

@string{jcam = {J. Comput.\ Appl.\ Math.}}

@string{jcgs = {J. Comput.\ Graph.\ Statist.}}

@string{jcomp = {J. Complexity}}

@string{jcp = {J. Comput.\ Phys.}}

@string{jrssb = {J. Roy.\ Statist.\ Soc.\ B}}

@string{jspi = {J. Statist.\ Plann.\ Inference}}

@string{mc = {Math.\ Comp.}}

@string{mcm = {Math.\ Comput.\ Modelling}}

@string{mm = {Monatsh.\ Math.}}

@string{nummath = {Numer.\ Math.}}

@string{oth = {\Ignore{o}Other Publications}}

@string{pnas = {Proc.\ Natl.\ Acad.\ Sci.}}

@string{prep = {\Ignore{z}Manuscripts in Preparation}}

@string{sinum = {SIAM J. Numer.\ Anal.}}

@string{sirev = {SIAM Rev.}}

@string{sisc = {SIAM J. Sci.\ Comput.}}

@string{ss = {Statist.\ Sinica}}

@string{stam = {Stud.\ Appl.\ Math}}

@string{statprob = {Statist.\ Probab.\ Lett.}}

@string{sub = {\Ignore{u}Manuscripts Under Review}}

@book{BraPet11a,
	Address = {Rhode Island},
	Author = {H. Brass and K. Petras},
	Date-Added = {2013-01-14 21:48:15 +0000},
	Date-Modified = {2013-01-14 21:48:56 +0000},
	Edition = {First},
	Publisher = {American Mathematical Society},
	Title = {Quadrature theory: the theory of numerical integration on a compact interval},
	Year = {2011}
}

@manual{TrefEtal12,
	Author = {N. Hale and L. N. Trefethen and T. A. Driscoll},
	Date-Added = {2012-06-20 21:12:02 +0000},
	Date-Modified = {2012-06-20 21:14:42 +0000},
	Title = {Chebfun Version 4},
	Year = {2012}}

@manual{MAT9.3,
	Address = {Natick, MA},
	Author = {{The MathWorks, Inc.}},
	Date-Added = {2018-09-13 00:35:01 -0500},
	Date-Modified = {2018-09-13 00:35:01 -0500},
	Title = {{MATLAB} 9.3},
	Year = {2017}}

@book{TraWer98,
	Address = {Cambridge},
	Author = {J. F. Traub and A. G. Werschulz},
	Date-Added = {2007-09-26 10:50:17 -0500},
	Date-Modified = {2007-09-26 10:50:17 -0500},
	Publisher = {Cambridge University Press},
	Title = {Complexity and Information},
	Year = 1998}

@misc{DinHic20a,
	Author = {Y. Ding and F. J. Hickernell and {\relax Ll}. A. {Jim\'enez Rugama}},
	Date-Added = {2018-09-13 00:43:12 -0500},
	Date-Modified = {2018-09-25 17:05:02 -0500},
	Pubtype = sub,
	Title = {An Adaptive Algorithm Employing Continuous Linear Functionals},
	Year = {2018+}}

@article{Gail_ug,
	Author = {Choi, Sou-Cheng T. and Ding, Yuhan and Hickernell, Fred J. and Jiang, Lan and {Jim\'enez Rugama}, {\relax Ll}. A. and Tong, Xin and Zhang, Yizhi and Zhou, Xuan},
	Date-Added = {2016-11-13 23:16:49 +0000},
	Date-Modified = {2017-10-05 19:22:53 +0000},
	Journal = {arXiv:1503.06544},
	Title = {{GAIL---Guaranteed Automatic Integration Library in MATLAB}: {D}ocumentation for Version 2.1},
	Year = {2015}}

@misc{ChoEtal17b,
	Author = {S.-C. T. Choi and Y. Ding and F. J. Hickernell and L. Jiang and {\relax Ll}. A. {Jim\'enez Rugama} and D. Li and R. Jagadeeswaran and X. Tong and K. Zhang and Y. Zhang and X. Zhou},
	Date-Added = {2016-11-13 23:16:08 +0000},
	Date-Modified = {2018-06-17 03:03:24 +0000},
	Howpublished = {MATLAB software},
	Pubtype = soft,
	Title = {{GAIL}: {G}uaranteed {A}utomatic {I}ntegration {L}ibrary (Versions 1.0--2.2)},
	Url = {http://gailgithub.github.io/GAIL_Dev/},
	Year = {{2013--2017}},
	Bdsk-Url-1 = {http://gailgithub.github.io/GAIL_Dev/}}

@article{ChoEtal17a,
	Author = {S.-C. T. Choi and Y. Ding and F. J. Hickernell and X. Tong},
	Date-Added = {2016-06-22 15:40:36 +0000},
	Date-Modified = {2017-11-19 22:35:08 +0000},
	Doi = {10.1016/j.jco.2016.11.005},
	Howpublished = {arXiv:1606.02766 [math.NA]},
	Journal = {J. Complexity},
	Pages = {17--33},
	Pubtype = art,
	Title = {Local Adaption for Approximation and Minimization of Univariate Functions},
	Volume = {40},
	Year = {2017},
	Bdsk-File-1 = {YnBsaXN0MDDUAQIDBAUGJCVYJHZlcnNpb25YJG9iamVjdHNZJGFyY2hpdmVyVCR0b3ASAAGGoKgHCBMUFRYaIVUkbnVsbNMJCgsMDxJXTlMua2V5c1pOUy5vYmplY3RzViRjbGFzc6INDoACgAOiEBGABIAFgAdccmVsYXRpdmVQYXRoWWFsaWFzRGF0YV8QTC4uLy4uLy4uLy4uLy4uL0FydGljbGVzX1RhbGtzL0ZpbmFsVmVyc2lvbnMvMjAxNnRvMjAxNy9Mb2NhbEFkYXB0TWlubWl6ZS5wZGbSFwsYGVdOUy5kYXRhTxEBtAAAAAABtAACAAAMTWFjaW50b3NoIEhEAAAAAAAAAAAAAAAAAAAAAAAAAEJEAAH/////FUxvY2FsQWRhcHRNaW5taXplLnBkZgAAAAAAAAAAAAAAAAAAAAAAAAAAAAAAAAAAAAAAAAAAAAAAAAAAAAAAAP////8AAAAAAAAAAAAAAAAABQAEAAAKIGN1AAAAAAAAAAAAAAAAAAoyMDE2dG8yMDE3AAIAVS86VXNlcnM6ZnJlZGpoaWNrZXJuZWxsOkFydGljbGVzX1RhbGtzOkZpbmFsVmVyc2lvbnM6MjAxNnRvMjAxNzpMb2NhbEFkYXB0TWlubWl6ZS5wZGYAAA4ALAAVAEwAbwBjAGEAbABBAGQAYQBwAHQATQBpAG4AbQBpAHoAZQAuAHAAZABmAA8AGgAMAE0AYQBjAGkAbgB0AG8AcwBoACAASABEABIAU1VzZXJzL2ZyZWRqaGlja2VybmVsbC9BcnRpY2xlc19UYWxrcy9GaW5hbFZlcnNpb25zLzIwMTZ0bzIwMTcvTG9jYWxBZGFwdE1pbm1pemUucGRmAAATAAEvAAAVAAIAFv//AACABtIbHB0eWiRjbGFzc25hbWVYJGNsYXNzZXNdTlNNdXRhYmxlRGF0YaMdHyBWTlNEYXRhWE5TT2JqZWN00hscIiNcTlNEaWN0aW9uYXJ5oiIgXxAPTlNLZXllZEFyY2hpdmVy0SYnVHJvb3SAAQAIABEAGgAjAC0AMgA3AEAARgBNAFUAYABnAGoAbABuAHEAcwB1AHcAhACOAN0A4gDqAqICpAKpArQCvQLLAs8C1gLfAuQC8QL0AwYDCQMOAAAAAAAAAgEAAAAAAAAAKAAAAAAAAAAAAAAAAAAAAxA=},
	Bdsk-Url-1 = {http://dx.doi.org/10.1016/j.jco.2016.11.00}}

@misc{DinHicWoz17a,
	Author = {Y. Ding and F. J. Hickernell and H. Wo\'zniakowski},
	Date-Added = {2014-09-19 21:34:43 +0000},
	Date-Modified = {2016-06-22 15:39:21 +0000},
	Note = {in preparation},
	Pubtype = prep,
	Title = {Adaptive Piecewise Polynomial Function Recovery},
	Year = {2016+}}

@inproceedings{JimHic16a,
	Author = {{\relax Ll}. A. {Jim\'enez Rugama} and F. J. Hickernell},
	Crossref = {CooNuy16a},
	Date-Added = {2014-04-19 00:28:14 +0000},
	Date-Modified = {2018-09-13 00:11:52 -0500},
	Note = {arXiv:1411.1966},
	Pages = {407--422},
	Pubtype = chap,
	Title = {Adaptive Multidimensional Integration Based on Rank-1 Lattices}}

@inproceedings{HicJim16a,
	Author = {F. J. Hickernell and {\relax Ll}. A. {Jim\'enez Rugama}},
	Crossref = {CooNuy16a},
	Date-Added = {2014-04-19 00:26:40 +0000},
	Date-Modified = {2018-09-13 00:26:53 -0500},
	Note = {arXiv:1410.8615 [math.NA]},
	Pages = {367--383},
	Pubtype = chap,
	Title = {Reliable Adaptive Cubature Using Digital Sequences}}

@misc{JiaHic16a,
	Author = {L. Jiang and F. J. Hickernell},
	Date-Added = {2014-04-19 00:17:21 +0000},
	Date-Modified = {2017-09-18 17:45:01 +0000},
	Howpublished = {arXiv:1411.1151},
	Note = {submitted for publication},
	Pubtype = sub,
	Title = {Guaranteed Conservative Confidence Intervals for Means of {B}ernoulli Random Variables},
	Year = {2014}}

@misc{HicRazYun15a,
	Author = {F. J. Hickernell and M. Razo and S. Yun},
	Date-Added = {2013-12-05 02:38:17 +0000},
	Date-Modified = {2017-10-18 02:52:34 +0000},
	Note = {submitted for publication},
	Pubtype = prep,
	Title = {Reliable Adaptive Numerical Integration},
	Year = {2015+}}

@inproceedings{HicEtal14a,
	Author = {F. J. Hickernell and L. Jiang and Y. Liu and A. B. Owen},
	Crossref = {KuoEtal14a},
	Date-Added = {2012-06-25 03:41:26 +0000},
	Date-Modified = {2015-09-14 19:41:19 +0000},
	Pages = {105--128},
	Pubtype = chap,
	Title = {Guaranteed Conservative Fixed Width Confidence Intervals Via {M}onte {C}arlo Sampling},
	Bdsk-File-1 = {YnBsaXN0MDDUAQIDBAUGJCVYJHZlcnNpb25YJG9iamVjdHNZJGFyY2hpdmVyVCR0b3ASAAGGoKgHCBMUFRYaIVUkbnVsbNMJCgsMDxJXTlMua2V5c1pOUy5vYmplY3RzViRjbGFzc6INDoACgAOiEBGABIAFgAdccmVsYXRpdmVQYXRoWWFsaWFzRGF0YV8QqC4uLy4uLy4uLy4uLy4uL0FydGljbGVzX1RhbGtzL1B1Ymxpc2hlZCBNYW51c2NyaXB0cy9QdWIyMDE0L0FkYXB0aXZlX01DX3JlcG8vTWFudXNjcmlwdDEzN0xhc3RUd29UeXBvc29uMjAxM05vdi9QbGVuYXJ5X0hpY2tlcm5lbGwgX3dpdGhfcHJlYW1ibGVfZml4X2NpdGVfdHdvX3R5cG9zLnBkZtIXCxgZV05TLmRhdGFPEQLIAAAAAALIAAIAAAxNYWNpbnRvc2ggSEQAAAAAAAAAAAAAAAAAAAAAAAAAQkQAAf////8fUGxlbmFyeV9IaWNrZXJuZWxsI0ZGRkZGRkZGLnBkZgAAAAAAAAAAAAAAAAAAAAAAAAAAAAAAAAAAAAAAAAAA/////wAAAAAAAAAAAAAAAAAFAAYAAAogY3UAAAAAAAAAAAAAAAAAH01hbnVzY3JpcHQxMzdMYXN0VHdvVHlwb3NvbiM1MkUAAAIAsS86VXNlcnM6ZnJlZGpoaWNrZXJuZWxsOkFydGljbGVzX1RhbGtzOlB1Ymxpc2hlZCBNYW51c2NyaXB0czpQdWIyMDE0OkFkYXB0aXZlX01DX3JlcG86TWFudXNjcmlwdDEzN0xhc3RUd29UeXBvc29uMjAxM05vdjpQbGVuYXJ5X0hpY2tlcm5lbGwgX3dpdGhfcHJlYW1ibGVfZml4X2NpdGVfdHdvX3R5cG9zLnBkZgAADgByADgAUABsAGUAbgBhAHIAeQBfAEgAaQBjAGsAZQByAG4AZQBsAGwAIABfAHcAaQB0AGgAXwBwAHIAZQBhAG0AYgBsAGUAXwBmAGkAeABfAGMAaQB0AGUAXwB0AHcAbwBfAHQAeQBwAG8AcwAuAHAAZABmAA8AGgAMAE0AYQBjAGkAbgB0AG8AcwBoACAASABEABIAr1VzZXJzL2ZyZWRqaGlja2VybmVsbC9BcnRpY2xlc19UYWxrcy9QdWJsaXNoZWQgTWFudXNjcmlwdHMvUHViMjAxNC9BZGFwdGl2ZV9NQ19yZXBvL01hbnVzY3JpcHQxMzdMYXN0VHdvVHlwb3NvbjIwMTNOb3YvUGxlbmFyeV9IaWNrZXJuZWxsIF93aXRoX3ByZWFtYmxlX2ZpeF9jaXRlX3R3b190eXBvcy5wZGYAABMAAS8AABUAAgAW//8AAIAG0hscHR5aJGNsYXNzbmFtZVgkY2xhc3Nlc11OU011dGFibGVEYXRhox0fIFZOU0RhdGFYTlNPYmplY3TSGxwiI1xOU0RpY3Rpb25hcnmiIiBfEA9OU0tleWVkQXJjaGl2ZXLRJidUcm9vdIABAAgAEQAaACMALQAyADcAQABGAE0AVQBgAGcAagBsAG4AcQBzAHUAdwCEAI4BOQE+AUYEEgQUBBkEJAQtBDsEPwRGBE8EVARhBGQEdgR5BH4AAAAAAAACAQAAAAAAAAAoAAAAAAAAAAAAAAAAAAAEgA==}}

@article{HicEtal14b,
	Author = {N. Clancy and Y. Ding and C. Hamilton and F. J. Hickernell and Y. Zhang},
	Date-Added = {2011-11-21 02:54:33 +0000},
	Date-Modified = {2013-11-27 04:26:21 +0000},
	Doi = {10.1016/j.jco.2013.09.002},
	Journal = jcomp,
	Pages = {21--45},
	Pubtype = art,
	Title = {The Cost of Deterministic, Adaptive, Automatic Algorithms: Cones, Not Balls},
	Volume = {30},
	Year = {2014},
	Bdsk-Url-1 = {http://dx.doi.org/10.1016/j.jco.2013.09.002}}

@article{Lyn83,
	Author = {J. N. Lyness},
	Date-Added = {2012-07-23 20:41:52 +0000},
	Date-Modified = {2013-02-28 21:00:06 +0000},
	Doi = {10.1137/1025003},
	Journal = sirev,
	Pages = {63--87},
	Title = {When Not to Use an Automatic Quadrature Routine},
	Volume = {25},
	Year = {1983},
	Bdsk-File-1 = {YnBsaXN0MDDUAQIDBAUGJCVYJHZlcnNpb25YJG9iamVjdHNZJGFyY2hpdmVyVCR0b3ASAAGGoKgHCBMUFRYaIVUkbnVsbNMJCgsMDxJXTlMua2V5c1pOUy5vYmplY3RzViRjbGFzc6INDoACgAOiEBGABIAFgAdccmVsYXRpdmVQYXRoWWFsaWFzRGF0YV8QZy4uLy4uLy4uLy4uLy4uL0FydGljbGVzX1RhbGtzL1ByZXByaW50czpSZXByaW50cy9ILU0gUmVwcmludHMvSmFtZXNMeW5lc3MvTHluZXNzQXV0b21hdGljUXVhZHJhdHVyZS5wZGbSFwsYGVdOUy5kYXRhTxECKgAAAAACKgACAAAMTWFjaW50b3NoIEhEAAAAAAAAAAAAAAAAAAAAyXlByEgrAAABy6uEHUx5bmVzc0F1dG9tYXRpY1F1YWRyYXR1cmUucGRmAAAAAAAAAAAAAAAAAAAAAAAAAAAAAAAAAAAAAAAAAAAAAAHLq4bMI0d0AAAAAAAAAAAABQAFAAAJIAAAAAAAAAAAAAAAAAAAAAtKYW1lc0x5bmVzcwAAEAAIAADJeZYoAAAAEQAIAADMI43EAAAAAQAYAcurhAAPovAAD5eWAA9mjwAIfQQAAJftAAIAdk1hY2ludG9zaCBIRDpVc2VyczoAZnJlZDoAQXJ0aWNsZXNfVGFsa3M6AFByZXByaW50cy9SZXByaW50czoASC1NIFJlcHJpbnRzOgBKYW1lc0x5bmVzczoATHluZXNzQXV0b21hdGljUXVhZHJhdHVyZS5wZGYADgA8AB0ATAB5AG4AZQBzAHMAQQB1AHQAbwBtAGEAdABpAGMAUQB1AGEAZAByAGEAdAB1AHIAZQAuAHAAZABmAA8AGgAMAE0AYQBjAGkAbgB0AG8AcwBoACAASABEABIAY1VzZXJzL2ZyZWQvQXJ0aWNsZXNfVGFsa3MvUHJlcHJpbnRzOlJlcHJpbnRzL0gtTSBSZXByaW50cy9KYW1lc0x5bmVzcy9MeW5lc3NBdXRvbWF0aWNRdWFkcmF0dXJlLnBkZgAAEwABLwAAFQACAAv//wAAgAbSGxwdHlokY2xhc3NuYW1lWCRjbGFzc2VzXU5TTXV0YWJsZURhdGGjHR8gVk5TRGF0YVhOU09iamVjdNIbHCIjXE5TRGljdGlvbmFyeaIiIF8QD05TS2V5ZWRBcmNoaXZlctEmJ1Ryb290gAEACAARABoAIwAtADIANwBAAEYATQBVAGAAZwBqAGwAbgBxAHMAdQB3AIQAjgD4AP0BBQMzAzUDOgNFA04DXANgA2cDcAN1A4IDhQOXA5oDnwAAAAAAAAIBAAAAAAAAACgAAAAAAAAAAAAAAAAAAAOh}}

@proceedings{CooNuy16a,
	Booktitle = {{M}onte {C}arlo and Quasi-{M}onte {C}arlo Methods: {MCQMC}, {L}euven, {B}elgium, {A}pril 2014},
	Date-Added = {2011-08-10 03:05:41 +0000},
	Date-Modified = {2016-08-13 15:08:35 +0000},
	Editor = {R. Cools and D. Nuyens},
	Publisher = {Springer-Verlag, Berlin},
	Pubtype = ed,
	Series = {Springer Proceedings in Mathematics and Statistics},
	Title = {{M}onte {C}arlo and Quasi-{M}onte {C}arlo Methods: {MCQMC}, {L}euven, {B}elgium, {A}pril 2014},
	Volume = {163},
	Year = {2016}}

@proceedings{KuoEtal14a,
	Booktitle = {{M}onte {C}arlo and Quasi-{M}onte {C}arlo Methods 2012},
	Date-Added = {2015-09-14 19:28:29 +0000},
	Date-Modified = {2016-03-26 22:22:54 +0000},
	Editor = {J. Dick and F. Y. Kuo and G. W. Peters and I. H. Sloan},
	Publisher = {Springer-Verlag, Berlin},
	Pubtype = ed,
	Series = {Springer Proceedings in Mathematics and Statistics},
	Title = {{M}onte {C}arlo and Quasi-{M}onte {C}arlo Methods 2012},
	Volume = {65},
	Year = {2013}}
